@proceedings{Steele,
  author    = {Guy L. Steele Jr. and
               Phong Q. Nguyen},
  title     = {Design of LISP-Based Microprocessor},
  booktitle = {ACM},
  year      = {1980},
  pages     = {628-645},
}

